%% This BibTeX bibliography file was created using BibDesk.
%% http://bibdesk.sourceforge.net/


%% Created for Kevin Jin at 2016-11-15 15:50:35 -0600 


%% Saved with string encoding Unicode (UTF-8) 


@string{academic = {Academic Press}}

@string{acmmathsoft = {{ACM} Trans. Math. Software}}

@string{acmpress = {{ACM} Press}}

@string{adamhilger = {Adam Hilger}}

@string{addisonwesley = {Addison-Wesley}}

@string{allynbacon = {Allyn and Bacon}}

@string{amermathmonthly = {Amer. Math. Monthly}}

@string{amersocio = {American Journal of Sociology}}

@string{amerstatassoc = {J. Amer. Statist. Assoc.}}

@string{ams = {American Mathematical Society}}

@string{amstrans = {Amer. Math. Soc. Transl.}}

@string{applmathcomp = {Appl. Math. Comput.}}

@string{birkhauser = {Birkha{\"u}ser}}

@string{bit = {{BIT}}}

@string{britstatpsych = {Brit. J. Math. Statist. Psych.}}

@string{bullams = {Bull. Amer. Math. Soc.}}

@string{cacm = {Commun. {ACM}}}

@string{cambridgepress = {Cambridge University Press}}

@string{canmathbull = {Canad. Math. Bull.}}

@string{chelsea = {Chelsea}}

@string{claredonpress = {Claredon Press}}

@string{compapplmath = {J. Comput. Appl. Math.}}

@string{compjour = {Comput. J.}}

@string{compphys = {J. Comput. Phys.}}

@string{compserv = {Comput. Surveys}}

@string{compstruct = {Comput. \& Structures}}

@string{compsyssci = {J. Comput. System Sci.}}

@string{computer = {{IEEE} Computer}}

@string{computing = {Computing}}

@string{contempmath = {Contemp. Math.}}

@string{crelle = {Crelle's Journal}}

@string{doverpub = {Dover Publications}}

@string{eyolles = {Eyolles}}

@string{giornalemath = {Giorn. Mat.}}

@string{holtrinehartwinston = {Holt, Rinehart and Winston}}

@string{ieeespec = {{IEEE} Spectrum}}

@string{ieeetransac = {{IEEE} Trans. Automat. Control}}

@string{ieeetransaeroelec = {{IEEE} Trans. Aerospace Electron. Systems}}

@string{ieeetranscomp = {{IEEE} Trans. Comput.}}

@string{imanumerana = {{IMA} J. Numer. Anal.}}

@string{infproclet = {Inform. Process. Lett.}}

@string{instmathapp = {J. Inst. Math. Appl.}}

@string{intcontrol = {Internat. J. Control}}

@string{interscience = {Interscience}}

@string{intnumereng = {Internat. J. Numer. Methods Engrg.}}

@string{intsuper = {Internat. J. Supercomputing Applic.}}

@string{jacm = {J. ACM}}

@string{johnshopkinspress = {The Johns Hopkins University Press}}

@string{johnwileysons = {John Wiley and Sons}}

@string{jresnatburstand = {J. Res. Nat. Bur. Standards}}

@string{jsiam = {J. Soc. Indust. Appl. Math.}}

@string{jsiamb = {J. Soc. Indust. Appl. Math. Ser. B Numer. Anal.}}

@string{kibernetika = {Kibernetika}}

@string{linalgapp = {Linear Algebra Appl.}}

@string{macmillan = {Macmillan}}

@string{mathanaappl = {J. Math. Anal. Appl.}}

@string{mathannalen = {Math. Ann.}}

@string{mathcomp = {Math. Comp.}}

@string{mathphys = {J. Math. Phys.}}

@string{mathscand = {Math. Scand.}}

@string{mathworks = {The Math Works Inc.}}

@string{mcgrawhill = {McGraw-Hill}}

@string{natburstd = {National Bureau of Standards}}

@string{northholland = {North-Holland}}

@string{numermath = {Numer. Math.}}

@string{oxfordpress = {Oxford University Press}}

@string{pacificmath = {Pacific J. Math.}}

@string{parcomputing = {Parallel Comput.}}

@string{pardistcomp = {J. Parallel and Distrib. Comput.}}

@string{pergamonpress = {Pergamon Press}}

@string{philmag = {Philos. Mag.}}

@string{plenumpress = {Plenum Press}}

@string{prenticehall = {Prentice-Hall}}

@string{procams = {Proc. Amer. Math. Soc.}}

@string{procieee = {Proc. {IEEE}}}

@string{procnas = {Proc. Nat. Acad. Sci. U. S. A.}}

@string{psychometrika = {Psychometrika}}

@string{quartapplmath = {Quart. Appl. Math.}}

@string{quartmath = {Quart. J. Math. Oxford Ser. (2)}}

@string{revueinststat = {Rev. Inst. Internat. Statist.}}

@string{siamalgmeth = {{SIAM} J. Algebraic Discrete Methods}}

@string{siamappmath = {{SIAM} J. Appl. Math.}}

@string{siamcomp = {{SIAM} J. Comput.}}

@string{siammatrix = {{SIAM} J. Matrix Anal. Appl.}}

@string{siamnumanal = {{SIAM} J. Numer. Anal.}}

@string{siampub = {{SIAM} Publications}}

@string{siamreview = {{SIAM} Rev.}}

@string{siamscistat = {{SIAM} J. Sci. Statist. Comput.}}

@string{signum = {{ACM} {SIGNUM} Newslett.}}

@string{softpracexp = {Software Prac. Experience}}

@string{springer = {Springer-Verlag}}

@string{statscience = {Statist. Sci.}}

@string{tablesaidscomp = {Math. Tables Aids Comput.}}

@string{techno = {Technometrics}}

@string{texaspress = {University of Texas Press}}

@string{transams = {Trans. Amer. Math. Soc.}}

@string{ussrcompmathphys = {{U. S. S. R.} Comput. Math. and Math. Phys.}}

@string{vannostrand = {Van Nostrand}}

@string{vlsicompsys = {J. {VLSI} Comput. Syst.}}

@string{whfreeman = {W. H. Freeman and Co.}}

@string{zangewmathmech = {Z. Angew. Math. Mech.}}

@string{zangewmathphys = {Z. Angew. Math. Phys.}}


@article{test,
	Date-Added = {2016-11-15 21:50:33 +0000},
	Date-Modified = {2016-11-15 21:50:33 +0000},
	Month = AUG,
	Note = {\url{https://www.test.org}},
	Title = {{Foundation}},
	Year = {Accessed 2015}}

@ARTICLE{atomic,
author = {{Herlihy}, M.},
title = "{Atomic Cross-Chain Swaps}",
journal = {ArXiv e-prints},
archivePrefix = "arXiv",
eprint = {1801.09515},
primaryClass = "cs.DC",
keywords = {Computer Science - Distributed, Parallel, and Cluster Computing},
year = 2018,
month = jan,
adsurl = {http://adsabs.harvard.edu/abs/2018arXiv180109515H},
adsnote = {Provided by the SAO/NASA Astrophysics Data System}
}

@article{btc-whitepaper,
author = {{Nakamoto}, S.},
title = {Bitcoin: A Peer-to-Peer Electronic Cash System},
year = 2008
}

@INPROCEEDINGS{simian,
author={N. Santhi and S. Eidenbenz and J. Liu},
booktitle={2015 Winter Simulation Conference (WSC)},
title={The Simian concept: Parallel Discrete Event Simulation with interpreted languages and just-in-time compilation},
year={2015},
volume={},
number={},
pages={3013-3024},
keywords={discrete event simulation;C;C++;JIT compilation;Lua;MiniSSF;PDES engines;Python;Simian concept;computational workloads;interpreted languages;just-in-time compilation;parallel discrete event simulation},
doi={10.1109/WSC.2015.7408405},
ISSN={},
month={Dec},}

@INPROCEEDINGS{SoK,
author={J. Bonneau and A. Miller and J. Clark and A. Narayanan and J. A. Kroll and E. W. Felten},
booktitle={2015 IEEE Symposium on Security and Privacy},
title={SoK: Research Perspectives and Challenges for Bitcoin and Cryptocurrencies},
year={2015},
volume={},
number={},
pages={104-121},
keywords={cryptography;data privacy;electronic money;financial data processing;protocols;Bitcoin;computational puzzle;consensus mechanism;cryptocurrency;cryptographic currency;currency allocation mechanism;disinter mediation protocol;key management tool;privacy-enhancing proposal;Communities;Cryptography;Online banking;Peer-to-peer computing;Proposals;Protocols},
doi={10.1109/SP.2015.14},
ISSN={1081-6011},
month={May},}

@INPROCEEDINGS{chaum,
author = {{Chaum}, D.},
year = {1982},
booktitle = {Advances in Cryptology Proceedings of Crypto},
month = {01},
pages = {199-203},
title = {Blind Signatures for Untraceable Payments},
}

@article{B-money,
author = {{Dai}, W.},
URL = {http://www.weidai.com/bmoney.txt},
title = {B-Money},
year = {1998},
}

@article{hashcash,
author = {{Back}, A.},
year = {2002},
Month = {08},
title = {Hashcash - A Denial of Service Counter-Measure},
}

@article{digicash,
author = {{Chaum}, D.},
title = {DigiCash},
year = {1989},
}

@ARTICLE{Augur,
author = {{Peterson}, J. and {Krug}, J.}},
title = "{Augur: a Decentralized, Open-Source Platform for Prediction Markets}",
year = {2017},
}

@Article{Truthcoin,
author = {{Sztorc}, P.},
title = "{Truthcoin: Peer-to-Peer Oracle System and Prediction Marketplace}",
year = {2014},
}

@Article{ChainLink,
author = {{Ellis}, S. and {Juels}, A. and { Nazarov}, J.},
title = "{ChainLink: A Decentralized Oracle Network}",
year = {2017},
month = {09},
}

@Article{Gnosis,
author = {{Koppelmann}, M. and  {George}, S. and {Ernst}, F.},
title = "{Gnosis}",
year = {2017},
}


